@book{weischedel2002,
  added-at = {2011-05-19T10:48:28.000+0200},
  asin = {3540436227},
  author = {Weischedel, Guido and Versteegen, Gerhard},
  biburl = {https://www.bibsonomy.org/bibtex/2e228728477b10a2555f39530946a20b9/schmidt2},
  description = {Konfigurationsmanagement: Amazon.de: Guido Weischedel, Gerhard Versteegen: BÃ¼cher},
  dewey = {005},
  ean = {9783540436225},
  edition = 1,
  interhash = {1dbfe984ee8df1e668ca7bd59f7d7045},
  intrahash = {e228728477b10a2555f39530946a20b9},
  isbn = {9783540436225},
  keywords = {scm},
  publisher = {Springer, Berlin},
  timestamp = {2011-09-22T10:08:22.000+0200},
  title = {Konfigurationsmanagement},
  url = {http://www.amazon.de/Konfigurationsmanagement-Guido-Weischedel/dp/3540436227/ref=sr_1_15?ie=UTF8&qid=1305794533&sr=8-15},
  year = 2002
}
@techreport{ISO10007,
  type = {Standard},
  key = {ISO 10007:2003},
  address = {Geneva, CH},
  institution = {International Organization for Standardization},
  title = {{Quality management systems -- Guidelines for configuration management}},
  year = 2003
}
@book{Hass:2003:CMP:582584,
 author = {Hass, Glen},
 title = {Configuration Management Principles and Practice},
 year = {2003},
 isbn = {0321117662},
 publisher = {Addison-Wesley Longman Publishing Co., Inc.},
 address = {Boston, MA, USA},
}
@book{Pressman:2009:SEP:1593949,
 author = {Pressman, Roger},
 title = {Software Engineering: A Practitioner's Approach},
 year = {2010},
 isbn = {0073375977, 9780073375977},
 edition = {7},
 publisher = {McGraw-Hill, Inc.},
 address = {New York, NY, USA},
}
